@article{do2016depth,
  title={An in-depth survey of visible light communication based positioning systems},
  author={Do, Trong-Hop and Yoo, Myungsik},
  journal={Sensors},
  volume={16},
  number={5},
  pages={678},
  year={2016},
  publisher={Multidisciplinary Digital Publishing Institute}
}

@inproceedings{zhang2016litell,
  title={LiTell: Robust indoor localization using unmodified light fixtures},
  author={Zhang, Chi and Zhang, Xinyu},
  booktitle={Proceedings of the 22nd Annual International Conference on Mobile Computing and Networking},
  pages={230--242},
  year={2016},
  organization={ACM}
}

@article{wang2017passive,
  title={Passive Sensing and Communication Using Visible Light: Taxonomy, Challenges and Opportunities},
  author={Wang, Qing and Zuniga, Marco},
  journal={arXiv preprint arXiv:1704.01331},
  year={2017}
}

@article{wang2016passive,
  title={Passive communication with ambient light},
  author={Wang, Qing and Zuniga, Marco and Giustiniano, Domenico},
  year={2016}
}

@inproceedings{kuo2014luxapose,
  title={Luxapose: Indoor positioning with mobile phones and visible light},
  author={Kuo, Ye-Sheng and Pannuto, Pat and Hsiao, Ko-Jen and Dutta, Prabal},
  booktitle={Proceedings of the 20th annual international conference on Mobile computing and networking},
  pages={447--458},
  year={2014},
  organization={ACM}
}

@inproceedings{li2014epsilon,
  title={Epsilon: A Visible Light Based Positioning System.},
  author={Li, Liqun and Hu, Pan and Peng, Chunyi and Shen, Guobin and Zhao, Feng},
  booktitle={NSDI},
  pages={331--343},
  year={2014}
}

@article{liang2008analysis,
  title={Analysis and compensation of rolling shutter effect},
  author={Liang, Chia-Kai and Chang, Li-Wen and Chen, Homer H},
  journal={IEEE Transactions on Image Processing},
  volume={17},
  number={8},
  pages={1323--1330},
  year={2008},
  publisher={IEEE}
}

@article{wallace1992jpeg,
  title={The JPEG still picture compression standard},
  author={Wallace, Gregory K},
  journal={IEEE transactions on consumer electronics},
  volume={38},
  number={1},
  pages={xviii--xxxiv},
  year={1992},
  publisher={IEEE}
}

@article{cerna2000fundamentals,
  title={The fundamentals of FFT-based signal analysis and measurement},
  author={Cerna, Michael and Harvey, Audrey F},
  journal={National Instruments, Junho},
  pages={54},
  year={2000}
}

@article{xu2016indoor,
  title={Indoor positioning for multiphotodiode device using visible-light communications},
  author={Xu, Wei and Wang, Jia and Shen, Hong and Zhang, Hua and You, Xiaohu},
  journal={IEEE Photonics Journal},
  volume={8},
  number={1},
  pages={1--11},
  year={2016},
  publisher={IEEE}
}

@article{sasaki1994impact,
  title={The impact of electronic ballast compact fluorescent lighting on power distribution systems},
  author={Sasaki, Reid Iwao},
  journal={ECE Technical Reports},
  pages={197},
  year={1994}
}

@misc{lumensperwattcomparison, 
	title={Lumens-Per-Watt Comparison}, 
	url={https://www.mge.com/saving-energy/home/lighting/lumens-comparison.htm}, 
	journal={Lumens-Per-Watt Comparison - Madison Gas and Electric - Madison, Wisconsin}
}